@phdthesis{jackson2006sheaf,
  title={A sheaf theoretic approach to measure theory},
  author={Jackson, Matthew Tobias},
  year={2006},
  school={University of Pittsburgh}
}

@mastersthesis{capucci2020internal,
  title={Internal mathematics for stochastic calculus: a tripos-theoretic approach},
  author={Capucci, Matteo},
  year={2020},
  school={Università degli Studi di Padova},
  url={https://perma.cc/CX5B-S94T}
}

@book{grimmett2020probability,
  title={Probability and random processes},
  author={Grimmett, Geoffrey R. and Stirzaker, David R.},
  year={2001},
  edition={Third edition},
  publisher={Oxford University Press}
}

@phdthesis{blechschmidt2018using,
  title={Using the internal language of toposes in algebraic geometry},
  author={Blechschmidt, Ingo},
  year={2018},
  school={Universität Augsburg}
}

@article{scott1967proof,
  title={A Proof of the Independence of the Continuum Hypothesis},
  author={Scott, Dana},
  journal={Mathematical systems theory},
  volume={1},
  number={2},
  pages={89--111},
  year={1967},
  publisher={Springer-Verlag},
  url={https://perma.cc/38WZ-KJTP}
}

@article{lurie2009derived,
  title={Derived algebraic geometry V: Structured spaces},
  author={Lurie, Jacob},
  journal={arXiv preprint arXiv:0905.0459},
  year={2009}
}

@article{jamneshan2020foundational,
  title={Foundational aspects of uncountable measure theory: Gelfand duality, Riesz representation, canonical models, and canonical disintegration},
  author={Jamneshan, Asgar and Tao, Terence},
  journal={arXiv preprint arXiv:2010.00681},
  year={2020}
}
